3600 5684
856 494 1074 557 *vp-

277 686 390 766 tinent,
414 684 553 750 delibare
576 689 671 769 atque
693 683 726 746 in
740 683 904 749 Addendis
918 703 1089 764 recensere,
1111 685 1229 750 eximie
1246 684 1436 750 liberalitate
1451 703 1570 766 eorum,
1593 684 1648 769 qui

277 824 385 870 museo
401 804 596 870 Berolinensi
619 803 867 870 administrando
889 810 1049 888 praesunt,
1072 805 1191 869 lectum
1213 826 1279 871 esse
1302 812 1389 890 grato
1412 805 1518 870 animo
1540 809 1646 870 testor.

361 924 559 990 Archontum
581 922 705 987 tubulos
727 945 798 988 cum
825 921 899 988 inde
922 923 962 988 ub
988 923 1081 990 initio
1103 924 1220 990 sacculi
1244 925 1330 990 tertii
1353 947 1408 990 nos
1431 925 1558 990 daturos
1581 945 1648 989 esse

277 1044 412 1131 polliciti
434 1065 582 1126 essemus,
605 1044 670 1108 ium
692 1043 821 1108 coneilio
844 1051 967 1109 mutato
989 1045 1153 1110 archontes
1174 1043 1249 1110 inde
1270 1045 1310 1110 sb
1332 1066 1415 1110 enno
1431 1045 1571 1111 Creontis
1593 1065 1649 1108 cx-

276 1165 385 1230 hibcre
408 1165 588 1246 maluimus,
610 1163 805 1229 saeculorum
828 1159 1033 1228 remotiorum
1055 1185 1215 1230 recensum
1239 1165 1455 1231 correctiorem
1470 1166 1542 1232 huic
1562 1167 1649 1232 illive

278 1291 402 1368 gratum
428 1291 654 1370 acceptumque
677 1285 741 1349 fore
763 1285 832 1348 reti.

367 1405 596 1489 Flagitentibus
612 1412 814 1491 conspectum
830 1405 1006 1487 titulorum,
1030 1424 1164 1488 quorum
1179 1405 1336 1470 scribendi
1358 1404 1438 1471 ratio
1453 1405 1559 1471 hocin
1575 1426 1650 1472 ono·

279 1525 409 1591 meslino
432 1547 451 1589 e
473 1525 566 1591 solite
589 1526 773 1612 proponitur
795 1525 930 1606 diverse,
955 1547 1027 1590 cnm
1049 1547 1168 1592 morem
1190 1546 1296 1609 gerere
1317 1526 1400 1592 hund
1415 1526 1562 1612 iniquum
1584 1547 1651 1591 esse

279 1647 547 1726 iudicavissemus‚
580 1647 614 1712 in
641 1654 780 1712 extremo
808 1668 902 1732 opere
928 1644 1064 1711 indicem
1090 1646 1256 1712 titulorum
1282 1647 1348 1711 sive
1374 1647 1414 1711 eb
1441 1646 1512 1712 aliis
1537 1648 1606 1713 sive
1632 1670 1651 1712 e

278 1767 367 1833 nobis
389 1766 607 1852 suppletorum
630 1766 812 1832 adiecimus.

364 1887 556 1951 Innumero
584 1907 693 1952 eorum
721 1887 885 1966 librorum,
915 1907 992 1971 quos
1012 1886 1204 1972 compendiis
1232 1887 1279 1951 usi
1302 1885 1478 1968 citavimus,
1505 1890 1539 1952 in
1561 1908 1651 1972 pree-

278 2007 395 2072 fulione
416 2005 586 2072 voluminis
609 2007 720 2092 prioris
742 2029 772 2093 p.
786 2005 864 2071 Vlll
886 2027 949 2070 non
973 2006 1287 2073 commemoravimus
1302 2006 1652 2092 Droyscn=Droysen

276 2125 460 2191 Geschichle
482 2126 536 2191 des
559 2126 782 2192 Hellenismus.
805 2125 923 2191 Zweite
939 2127 1023 2192 Auli.
1046 2127 1150 2193 Gotho
1166 2128 1343 2194 1877-78.

366 2315 501 2382 Berolini
527 2316 577 2382 die
600 2315 714 2381 XXIV.
738 2317 854 2382 mensis
876 2315 1058 2382 Decembris

612 2457 639 2500 a.
655 2433 783 2500 MCMII.

1193 2658 1358 2724 Ionruuns
1381 2657 1559 2723 chnuue.
