3600 5684
329 421 533 486 ΜΑΝΤΙΘΕΟΣ
993 432 1037 498 50
1498 426 1696 486 ΜΑΝΤΙΘΕΟΣ

329 541 659 548 —————--—-...—
666 540 936 547 ———-—.
949 541 1015 546 0—-
1030 541 1034 544 -
1456 541 1690 548 ..-ψ-

329 641 414 706 9671
437 646 633 705 irrumator
656 640 702 724 (l)
725 645 893 704 ΘΟΡΙΚΙΟΣ.
923 639 1087 724 Eapreaam
1115 639 1212 702 verbu
1241 633 1440 718 Μαντίθεος
1468 638 1516 725 (l)
1544 645 1585 708 Θ.
1613 645 1696 728 apocri

436 745 527 810 Dcm.
559 767 621 808 riou
653 755 917 808 commemoratur.
950 741 1013 808 Sea
1043 765 1080 807 eu
1109 743 1199 806 Dem.
1226 741 1380 808 XXXIX
1400 742 1445 808 27
1472 742 1603 814 Βοιωτὸς

435 850 590 920 ἀξιοῖ
615 847 732 928 τοῦνομ’
764 847 843 932 ἔχειν
870 849 904 911 τὸ
932 853 983 912 τοῦ
1011 849 1084 932 πρὸς
1111 849 1220 932 πατρὸς
1247 850 1367 912 πάππου
1395 849 1589 913 concluditur
1609 853 1696 932 patri

435 952 576 1016 Martiae
604 952 633 1016 Τ
631 953 742 1015 borr'oii
753 953 858 1036 ‘titisse
879 974 990 1016 uorum
1012 952 1229 1016 Mantitlreum.
1252 952 1293 1036 cs.
1305 946 1477 1041 Ἵππάρχη
1496 953 1695 1020 Μαντιθέου

435 1054 484 1142 (I)
512 1053 670 1139 Θορικίου
692 1052 848 1142 θυγάτηρ.
872 1055 1012 1122 Stcrrtma
1033 1056 1122 1120 lobes
1141 1078 1174 1142 p.
1185 1057 1238 1120 51.

434 1157 508 1223 Nom
539 1163 692 1224 divorsum
722 1161 802 1224 ltuuc
830 1161 1035 1226 Mautitbcum
1062 1159 1085 1222 I
1112 1159 1151 1223 ab
1182 1183 1214 1223 eo
1246 1183 1307 1225 ease
1339 1161 1518 1243 Mantimeo,
1543 1183 1605 1246 pro
1638 1185 1693 1247 quo

433 1264 548 1350 Lysiae
569 1276 648 1328 orat.
667 1263 707 1329 16
727 1267 844 1347 compta
867 1275 920 1344 eet,
947 1264 1063 1327 Kolta·
1084 1263 1212 1328 Hermos
1233 1264 1264 1328 V
1277 1266 1315 1328 11
1338 1267 1479 1343 coniecit5
1505 1266 1546 1344 cf.
1569 1266 1692 1329 Dittm-

434 1367 536 1452 lrerpor
551 1367 645 1434 SIG'
662 1367 704 1432 79
716 1391 765 1432 mr.
780 1367 808 1432 7.
831 1368 925 1432 Blaaa
939 1367 976 1431 I¹
986 1365 1061 1449 517,
1074 1367 1103 1431 1.
1127 1365 1249 1432 Scilicet
1265 1368 1430 1431 Mautitlui
1443 1368 1574 1454 Lysiaci
1585 1391 1693 1434 nomon

432 1497 452 1533 a
469 1472 641 1556 phylarcho
668 1472 831 1536 Ortltolrulo
856 1471 1041 1554 Coramonoi,
1064 1495 1150 1557 quem
1173 1473 1227 1556 cf„
1249 1471 1320 1536 outa
1336 1494 1481 1557 pupmom
1496 1472 1692 1536 Halia-itiam

431 1599 461 1638 α.
482 1575 548 1640 395
581 1579 617 1638 im
647 1579 786 1661 equitum
820 1577 959 1660 catalopo
990 1576 1088 1640 tribus
1126 1598 1200 1639 suco
1234 1576 1365 1639 deletum
1396 1599 1468 1657 aare,
1504 1575 1693 1641 Ceramenses

430 1691 532 1743 autem
558 1692 586 1743 et
612 1680 770 1744 Tborr'cioe
792 1681 888 1744 eidem
912 1679 1009 1743 tribui
1027 1680 1235 1744 Acamantidi
1256 1681 1426 1765 adscriptos
1439 1681 1550 1764 fuisso.
1578 1678 1693 1760 Quodsi

431 1807 479 1848 rae
505 1787 551 1847 ita
574 1807 603 1847 se
624 1783 721 1866 itabat,
744 1784 929 1848 mmoradum
950 1794 993 1846 cet
1013 1795 1041 1846 et
1064 1783 1269 1846 Mantitlroum
1293 1783 1320 1863 I,
1349 1786 1444 1867 quic.
1461 1807 1491 1847 α.
1509 1784 1577 1847 122
1601 1796 1693 1848 rtatim

429 1900 495 1952 erat
510 1887 621 1974 (Bluse
633 1886 656 1951 I
662 1887 672 1920 ²
686 1886 779 1970 518),
802 1899 829 1950 ot
852 1887 1123 1967 Marotiomfilium
1137 1909 1201 1950 mou
1216 1888 1353 1972 amplius
1366 1889 1479 1972 mpiuti
1493 1909 1591 1950 aanor
1605 1898 1692 1951 matos

430 1995 466 2054 im
486 1993 721 2055 matrimonium
742 1992 865 2055 ducisse
885 2012 995 2054 meacm
1015 2013 1103 2066 euua3
1123 2013 1198 2054 mam
1221 1985 1423 2069 Μαντίθεος
1446 1990 1512 2074 (II)
1538 1986 1692 2058 Μαντίου

434 2091 600 2177 Θορίκιος,
637 2118 727 2180 quem
753 2095 805 2178 cf„
835 2116 898 2157 uon
924 2105 993 2179 post
1018 2118 1048 2159 α.
1068 2091 1134 2157 378
1160 2105 1253 2157 notua
1279 2117 1339 2158 eaeo
1362 2106 1466 2177 potat.
1503 2095 1691 2160 Mantitheus

430 2200 576 2282 Lysiacus
611 2200 709 2264 nobili
742 2199 862 2264 familia
893 2199 1043 2263 oriundus
1066 2198 1141 2284 Lyn.
1163 2200 1196 2263 Χ
1203 2198 1254 2262 VI
1262 2197 1308 2262 20
1335 2199 1411 2264 belli
1437 2199 1690 2285 Peloponnesiaci

429 2305 622 2390 temporibus
645 2325 711 2368 rem
733 2304 922 2368 familiarem
945 2300 1239 2368 catarattula.
1267 2301 1330 2387 Πρὸ
1352 2309 1405 2387 τῆς
1427 2303 1457 2366 ἐν
1475 2301 1690 2388 Ἑλλησπόντῳ

428 2413 579 2493 συμφορᾶς
602 2432 631 2472 a.
649 2407 712 2471 195
736 2409 775 2472 ad
791 2407 938 2492 Satyrum
955 2407 1120 2472 Ponticum
1143 2428 1213 2471 eum
1235 2407 1330 2471 fratre
1352 2408 1466 2473 missus
1490 2409 1594 2494 paullo
1618 2418 1690 2474 ante

432 2513 578 2577 Piraeum
601 2535 619 2576 a
641 2512 846 2597 popularibus
869 2521 995 2596 captam
1018 2534 1047 2575 α.
1061 2509 1127 2575 193
1148 2511 1288 2575 Athenas
1302 2512 1431 2576 revertit
1447 2512 1466 2574 l.
1479 2535 1503 2576 c.
1521 2512 1551 2576 1.
1574 2512 1693 2576 Proelio

427 2616 579 2682 Haliartio
602 2618 731 2681 interest
753 2639 782 2679 a.
798 2613 874 2697 395,
898 2616 918 2678 l.
934 2638 959 2678 c.
977 2613 1028 2697 13,
1051 2615 1135 2679 idem
1158 2615 1238 2679 bello
1262 2615 1420 2679 Corinthio
1444 2639 1473 2680 α.
1489 2613 1554 2678 391
1576 2617 1689 2680 fortem

427 2742 459 2783 se
482 2722 619 2805 praebet,
644 2720 664 2784 l.
681 2743 705 2784 c.
725 2720 772 2785 15.
802 2719 852 2784 Ad
872 2719 1025 2784 senatoris
1040 2740 1165 2801 munus,
1187 2730 1222 2782 ut
1235 2720 1365 2800 uidetur,
1387 2719 1428 2803 cf.
1450 2720 1542 2783 Bluee
1563 2719 1586 2782 I
1590 2717 1601 2750 ²
1614 2717 1689 2800 517,

427 2824 710 2888 administrandum
738 2825 854 2889 electus
882 2823 1052 2888 docimasia
1077 2824 1161 2888 lauta
1187 2832 1360 2903 accusatur,
1394 2823 1476 2908 quod
1499 2823 1587 2887 XXX
1616 2824 1690 2887 viris

426 2929 594 3013 imperium
610 2929 824 2993 obtinentibus
841 2949 935 3011 eques
951 2927 1109 3012 stipendia
1124 2929 1247 2992 lecisset
1257 2929 1278 2991 l.
1290 2950 1314 2990 c.
1327 2925 1387 2990 33
1397 2949 1459 3010 eq.,·
1472 2926 1554 3011 quod
1571 2927 1689 2990 crimen

426 3033 566 3098 oratione
586 3033 711 3117 aLysia
733 3033 849 3118 scripta
871 3033 962 3096 reicit
977 3055 1006 3095 α.
1022 3029 1210 3112 392-389,
1233 3031 1326 3096 Blaee
1344 3031 1367 3094 I
1375 3029 1386 3063 ²
1399 3030 1473 3095 518.
1497 3030 1571 3094 Eius
1592 3032 1690 3095 frater·

426 3137 556 3220 eiusque
578 3159 697 3202 sorores
720 3138 801 3201 duae
824 3142 1038 3200 memorantur
1061 3135 1134 3219 Lya.
1150 3132 1243 3199 XVI
1254 3133 1308 3210 1(),·
1328 3135 1369 3218 cf.
1387 3135 1416 3198 1.

318 3239 402 3303 9675
425 3245 622 3305 strumosos
644 3241 690 3304 oet
711 3245 856 3304 sotrum
877 3242 1029 3304 trrurror
1051 3243 1218 3302 eorrmor.
1243 3236 1444 3302 11803311
1462 3237 1524 3323 ().
1646 3237 1688 3301 M.

425 3342 469 3408 M.
487 3343 521 3408 Θ.
539 3345 629 3408 Dcm.
646 3344 802 3409 XXXIX
817 3340 846 3406 7.
861 3341 911 3407 10.
933 3341 1099 3410 Μαντίθεος
1122 3340 1315 3426 Θ[ορίκ(ιυς)]
1340 3340 1516 3426 [Μ]αντ[ίου
1534 3339 1687 3424 Θορικίου]

424 3447 634 3533 κλη[ρονο’μυς]
649 3451 676 3513 1.
695 3447 861 3516 Μαντίθεος
873 3445 1006 3511 Μαντίου
1018 3445 1060 3509 D.
1068 3445 1223 3511 XXXIX
1233 3443 1278 3508 36
1280 3496 1286 3508 .
1303 3443 1469 3513 Μαντίθεος
1480 3445 1524 3509 D.
1533 3444 1690 3509 XXXIX

423 3548 517 3615 518.
542 3551 606 3615 XL
624 3551 672 3614 18.
686 3549 740 3616 21).
753 3548 806 3614 31.
831 3547 962 3617 Βοιωτὸς
979 3547 1108 3612 Μαντίου
1125 3547 1160 3612 Θ.
1184 3548 1227 3612 D.
1243 3547 1399 3612 XXXIX
1413 3546 1466 3612 30.
1478 3547 1531 3612 37.
1555 3547 1689 3617 Βοιωτός

425 3652 469 3717 D.
483 3652 639 3717 XXXIX
650 3655 678 3718 1.
692 3654 746 3718 21.
760 3654 804 3718 25
809 3676 853 3737 aq.
870 3651 934 3717 XL
948 3652 997 3716 11.
1011 3649 1061 3715 16.
1074 3649 1128 3715 20.
1141 3648 1194 3714 31.
1282 3651 1356 3716 Eius
1371 3659 1472 3718 mater
1487 3660 1534 3717 est
1547 3652 1689 3736 Plangou

423 3755 467 3819 D.
485 3755 641 3819 XXXIX
654 3755 685 3820 9.
709 3755 773 3820 XL
788 3755 820 3818 2.
833 3754 863 3820 8.
877 3753 931 3820 27.
943 3755 997 3836 51,
1019 3776 1114 3840 quam
1136 3753 1176 3837 cf.
1210 3753 1285 3818 Eius
1310 3755 1407 3819 frater
1434 3755 1573 3820 uterinus
1595 3755 1689 3819 Pam·

423 3860 529 3945 philus
547 3859 587 3924 D.
604 3859 759 3925 XXXIX
775 3861 804 3924 1.
817 3857 873 3923 32.
898 3859 961 3922 XL
980 3860 1020 3924 11
1024 3882 1035 3936 ,·
1059 3859 1125 3923 eius
1147 3859 1244 3922 frater
1262 3866 1338 3923 natu
1354 3861 1458 3924 minor
1471 3859 1514 3924 D.
1532 3858 1690 3924 XXXIX

423 3963 467 4030 27
505 3965 612 4030 eodem
651 3974 740 4050 patre
777 3972 869 4029 natus
906 3964 1099 4028 Mantitheus
1132 3960 1289 4028 XXXIX
1314 3963 1342 4026 1.
1367 3962 1441 4048 7ος.
1480 3963 1689 4051 Sycophantis

423 4067 571 4132 Mnesicle
595 4075 626 4133 et
648 4067 787 4133 Menecle
809 4088 884 4132 usus
900 4067 1051 4130 Martiam
1068 4072 1190 4151 patrem
1207 4066 1239 4129 in
1255 4066 1405 4130 iudicium
1422 4073 1513 4131 vocat
1527 4067 1689 4132 affirmans

422 4193 454 4236 se
476 4173 577 4236 filium
599 4195 665 4237 esse
687 4193 725 4237 ex
747 4172 869 4236 Mantia
891 4178 923 4236 et
944 4170 1102 4252 Plangone
1124 4177 1311 4255 prognatum
1335 4170 1378 4233 D.
1394 4169 1550 4235 XXXIX
1564 4169 1596 4233 2.
1620 4170 1689 4234 XL

422 4272 452 4337 9.
478 4274 545 4338 Iam
567 4277 724 4360 pactione,
748 4295 844 4360 quam
867 4296 906 4339 ex
928 4274 977 4338 his
997 4275 1113 4338 fecerat
1131 4273 1264 4338 Manties
1285 4295 1356 4338 cum
1372 4274 1529 4356 Plangone
1543 4274 1688 4356 neglecta

423 4411 463 4424 -
486 4378 516 4440 ai
536 4379 625 4442 modo
648 4379 748 4443 actori
770 4379 948 4442 orationum
969 4375 1126 4441 Domoatlt.
1149 4373 1193 4439 39
1215 4387 1244 4439 ot
1265 4373 1307 4439 19
1319 4375 1399 4457 fidos
1419 4375 1558 4440 habaida
1579 4388 1620 4441 eat
1644 4415 1687 4424 —

422 4479 560 4563 Plangon
594 4481 677 4566 apud
705 4481 857 4547 arbitrum
885 4480 1146 4566 pronuntiaverat
1173 4487 1204 4543 et
1231 4479 1617 4546 Boeotum-Mantitheum
1654 4491 1688 4546 et

421 4584 620 4670 Pamphilum
636 4607 674 4650 ex
689 4586 810 4650 Mantia
824 4592 915 4669 patre
929 4585 1050 4668 genitos
1066 4603 1146 4662 esse;
1166 4582 1240 4646 inde
1260 4584 1409 4668 proximis
1423 4583 1586 4667 Apaturiis
1602 4593 1687 4649 uter·

422 4708 482 4771 que
497 4688 530 4752 in
547 4688 719 4772 phratriam
735 4697 878 4775 receptus
891 4697 959 4755 erat
970 4688 1061 4753 Deru.
1073 4684 1231 4752 XXXIX
1240 4685 1311 4750 2-1.
1325 4687 1389 4752 XL
1399 4685 1490 4751 9-11.
1506 4686 1684 4772 SobriferB.

421 4789 578 4855 215213.
591 4792 700 4856 Paullo
713 4802 783 4878 post
794 4789 971 4878 a.fore357
983 4799 1072 4876 patre
1079 4790 1200 4854 Mentis
1213 4798 1335 4855 mortuo
1347 4791 1481 4857 Boeotus
1492 4792 1571 4874 ipse,
1583 4801 1619 4856 ut
1630 4792 1686 4856 de-

421 4895 516 4960 motis
529 4895 756 4961 adscriberetur
769 4896 872 4961 effecit
883 4916 998 4960 nomeu
1011 4892 1178 4958 Mantithei
1189 4893 1249 4957 sibi
1260 4893 1518 4959 vindicausDem.
1526 4893 1686 4960 XXXIX

418 5000 450 5062 5.
462 4996 584 5064 Xuor.
600 4998 673 5064 Post
684 5007 818 5066 mortem
828 5001 938 5087 patris,
950 5020 1022 5064 oum
1033 5005 1096 5062 tres
1108 4997 1163 5061 lilii
1175 4997 1326 5062 bonorum
1338 5005 1539 5083 paternorum
1551 4998 1686 5064 heredes
